<?xml version="1.0" encoding="UTF-8"?><collection xmlns="http://www.loc.gov/MARC21/slim"><record><leader>00305nam--2200121-i-4500</leader><controlfield tag="001">000022595</controlfield><controlfield tag="002">20161230</controlfield><controlfield tag="005">20161230201034</controlfield><controlfield tag="008">060222s1000------------r-----000-0-eng-d</controlfield><datafield ind1=" " ind2=" " tag="100"><subfield code="a">Halmshaw, R</subfield></datafield><datafield ind1=" " ind2=" " tag="245"><subfield code="a">Physics of industrial radiology</subfield></datafield><datafield ind1=" " ind2=" " tag="260"><subfield code="a">London, Heywood Books, 1966. Viii + 498 P</subfield></datafield><datafield ind1=" " ind2=" " tag="852"><subfield code="a">25756</subfield></datafield></record></collection>